@Manual{R:2009,
  title        = {\proglang{R}: {A} Language and Environment for Statistical Computing},
  author       = {{\proglang{R} Development Core Team}},
  organization = {\proglang{R} Foundation for Statistical Computing},
  address      = {Vienna, Austria},
  year         = {2009},
  note         = {{ISBN} 3-900051-07-0},
  url          = {http://www.R-project.org/}
}

@Manual{Maurer+Zehe:2007,
  author	= {Thomas Maurer and Erwin Zehe},
  title		= {CATFLOW User Guide and Program Documentation (Version Catstat)},
  year         = {2007},
  pages        = {113},
  url          = {http://www.experimental-hydrology.net/models/index.php?title=Catflow_-_Manual}
}

@Manual{Reusser:2006,
  title        = {\proglang{CATFLOW wizard}},
  author       = {Dominik Reusser},
  year         = {2006},
  url          = {http://www.experimental-hydrology.net/models/index.php?title=Catflow_-_SVN_repository}
}